[gd_scene load_steps=17 format=2]

[ext_resource path="res://assets/pacman.png" type="Texture" id=1]
[ext_resource path="res://assets/ship.png" type="Texture" id=2]
[ext_resource path="res://assets/coinGold.png" type="Texture" id=3]
[ext_resource path="res://assets/fireball.png" type="Texture" id=4]
[ext_resource path="res://assets/ghost2.png" type="Texture" id=5]
[ext_resource path="res://assets/DejaVuSans-Bold.ttf" type="DynamicFontData" id=8]

[sub_resource type="GDScript" id=1]
script/source = "extends Node2D


func _ready():
	$\"margin/vbox/vbox-buttons/bt-play-local\".grab_focus()
	
	if OS.get_environment('TESTING') == 'true' or OS.get_environment('SERVER') == 'true':
		get_tree().change_scene(\"res://scenes/menus/lobby.tscn\")
"

[sub_resource type="DynamicFontData" id=2]
font_path = "res://assets/DejaVuSans-Bold.ttf"

[sub_resource type="DynamicFont" id=3]
size = 42
font_data = SubResource( 2 )

[sub_resource type="DynamicFont" id=4]
size = 28
font_data = ExtResource( 8 )

[sub_resource type="GDScript" id=5]
script/source = "extends Button


func _on_btplay_pressed():
	get_tree().change_scene(\"res://scenes/menus/controls.tscn\")

"

[sub_resource type="GDScript" id=6]
script/source = "extends Button


func _on_btplayonline_pressed():
	get_tree().change_scene(\"res://scenes/menus/lobby.tscn\")
"

[sub_resource type="GDScript" id=7]
script/source = "extends Button


func _on_btexit_pressed():
	get_tree().quit()
"

[sub_resource type="GDScript" id=8]
script/source = "extends LinkButton


func _on_LinkButton_pressed():
	OS.shell_open(\"https://shootingpactris.njean.me\")
"

[sub_resource type="GDScript" id=9]
script/source = "extends LinkButton


func _on_LinkButton2_pressed():
	OS.shell_open(\"https://shootingpactris.njean.me#Contact\")
"

[sub_resource type="GDScript" id=10]
script/source = "extends LinkButton


func _on_LinkButton3_pressed():
	OS.shell_open(\"https://framagit.org/nicooo/shpactris\")
"

[node name="main-menu" type="Node2D"]
script = SubResource( 1 )

[node name="margin" type="MarginContainer" parent="."]
margin_left = 40.0
margin_top = 40.0
margin_right = 560.0
margin_bottom = 680.0
__meta__ = {
"_edit_use_anchors_": false
}

[node name="vbox" type="VBoxContainer" parent="margin"]
margin_right = 520.0
margin_bottom = 640.0

[node name="hbox-icons" type="HBoxContainer" parent="margin/vbox"]
visible = false
margin_right = 520.0
margin_bottom = 51.0

[node name="center" type="CenterContainer" parent="margin/vbox/hbox-icons"]
margin_right = 100.0
margin_bottom = 51.0
size_flags_horizontal = 3
size_flags_vertical = 3

[node name="TextureRect" type="TextureRect" parent="margin/vbox/hbox-icons/center"]
margin_left = 31.0
margin_top = 6.0
margin_right = 69.0
margin_bottom = 44.0
texture = ExtResource( 1 )

[node name="center2" type="CenterContainer" parent="margin/vbox/hbox-icons"]
margin_left = 104.0
margin_right = 204.0
margin_bottom = 51.0
size_flags_horizontal = 3
size_flags_vertical = 3

[node name="TextureRect2" type="TextureRect" parent="margin/vbox/hbox-icons/center2"]
margin_left = 20.0
margin_right = 80.0
margin_bottom = 51.0
texture = ExtResource( 2 )

[node name="center3" type="CenterContainer" parent="margin/vbox/hbox-icons"]
margin_left = 208.0
margin_right = 308.0
margin_bottom = 51.0
size_flags_horizontal = 3
size_flags_vertical = 3

[node name="TextureRect5" type="TextureRect" parent="margin/vbox/hbox-icons/center3"]
margin_left = 45.0
margin_top = 20.0
margin_right = 55.0
margin_bottom = 30.0
texture = ExtResource( 3 )

[node name="center4" type="CenterContainer" parent="margin/vbox/hbox-icons"]
margin_left = 312.0
margin_right = 412.0
margin_bottom = 51.0
size_flags_horizontal = 3
size_flags_vertical = 3

[node name="TextureRect4" type="TextureRect" parent="margin/vbox/hbox-icons/center4"]
margin_left = 42.0
margin_top = 13.0
margin_right = 58.0
margin_bottom = 37.0
texture = ExtResource( 4 )

[node name="center5" type="CenterContainer" parent="margin/vbox/hbox-icons"]
margin_left = 416.0
margin_right = 520.0
margin_bottom = 51.0
size_flags_horizontal = 3
size_flags_vertical = 3

[node name="TextureRect3" type="TextureRect" parent="margin/vbox/hbox-icons/center5"]
margin_left = 32.0
margin_top = 6.0
margin_right = 72.0
margin_bottom = 45.0
texture = ExtResource( 5 )

[node name="center-title" type="CenterContainer" parent="margin/vbox"]
margin_left = 60.0
margin_top = 121.0
margin_right = 460.0
margin_bottom = 188.0
size_flags_horizontal = 6
size_flags_vertical = 6

[node name="vbox" type="VBoxContainer" parent="margin/vbox/center-title"]
margin_right = 400.0
margin_bottom = 67.0

[node name="Label" type="Label" parent="margin/vbox/center-title/vbox"]
margin_right = 400.0
margin_bottom = 49.0
custom_fonts/font = SubResource( 3 )
text = "Shooting PacTris"

[node name="Label2" type="Label" parent="margin/vbox/center-title/vbox"]
margin_left = 288.0
margin_top = 53.0
margin_right = 400.0
margin_bottom = 67.0
size_flags_horizontal = 8
text = "v1.0 - online beta"
align = 2

[node name="vbox-buttons" type="VBoxContainer" parent="margin/vbox"]
margin_left = 126.0
margin_top = 405.0
margin_right = 393.0
margin_bottom = 530.0
size_flags_horizontal = 6
size_flags_vertical = 6

[node name="bt-play-local" type="Button" parent="margin/vbox/vbox-buttons"]
margin_right = 267.0
margin_bottom = 39.0
size_flags_horizontal = 4
size_flags_vertical = 4
custom_fonts/font = SubResource( 4 )
text = "local coop / solo"
script = SubResource( 5 )

[node name="bt-play-online" type="Button" parent="margin/vbox/vbox-buttons"]
margin_left = 36.0
margin_top = 43.0
margin_right = 231.0
margin_bottom = 82.0
size_flags_horizontal = 4
size_flags_vertical = 4
custom_fonts/font = SubResource( 4 )
text = "online coop"
script = SubResource( 6 )

[node name="bt-exit" type="Button" parent="margin/vbox/vbox-buttons"]
margin_left = 97.0
margin_top = 86.0
margin_right = 169.0
margin_bottom = 125.0
size_flags_horizontal = 4
size_flags_vertical = 4
custom_fonts/font = SubResource( 4 )
text = "exit"
script = SubResource( 7 )

[node name="center-links" type="CenterContainer" parent="margin/vbox"]
margin_top = 626.0
margin_right = 520.0
margin_bottom = 640.0

[node name="hbox-links" type="HBoxContainer" parent="margin/vbox/center-links"]
margin_left = 31.0
margin_right = 489.0
margin_bottom = 14.0

[node name="LinkButton" type="LinkButton" parent="margin/vbox/center-links/hbox-links"]
modulate = Color( 0.101961, 0.737255, 0.611765, 1 )
margin_right = 150.0
margin_bottom = 14.0
rect_min_size = Vector2( 150, 0 )
size_flags_horizontal = 8
text = "Official Website"
underline = 1
script = SubResource( 8 )

[node name="LinkButton2" type="LinkButton" parent="margin/vbox/center-links/hbox-links"]
modulate = Color( 0.101961, 0.737255, 0.611765, 1 )
margin_left = 154.0
margin_right = 304.0
margin_bottom = 14.0
rect_min_size = Vector2( 150, 0 )
text = "Leave a comment"
underline = 1
script = SubResource( 9 )

[node name="LinkButton3" type="LinkButton" parent="margin/vbox/center-links/hbox-links"]
modulate = Color( 0.101961, 0.737255, 0.611765, 1 )
margin_left = 308.0
margin_right = 458.0
margin_bottom = 14.0
rect_min_size = Vector2( 150, 0 )
text = "Git repository"
underline = 1
script = SubResource( 10 )
[connection signal="pressed" from="margin/vbox/vbox-buttons/bt-play-local" to="margin/vbox/vbox-buttons/bt-play-local" method="_on_btplay_pressed"]
[connection signal="pressed" from="margin/vbox/vbox-buttons/bt-play-online" to="margin/vbox/vbox-buttons/bt-play-online" method="_on_btplayonline_pressed"]
[connection signal="pressed" from="margin/vbox/vbox-buttons/bt-exit" to="margin/vbox/vbox-buttons/bt-exit" method="_on_btexit_pressed"]
[connection signal="pressed" from="margin/vbox/center-links/hbox-links/LinkButton" to="margin/vbox/center-links/hbox-links/LinkButton" method="_on_LinkButton_pressed"]
[connection signal="pressed" from="margin/vbox/center-links/hbox-links/LinkButton2" to="margin/vbox/center-links/hbox-links/LinkButton2" method="_on_LinkButton2_pressed"]
[connection signal="pressed" from="margin/vbox/center-links/hbox-links/LinkButton3" to="margin/vbox/center-links/hbox-links/LinkButton3" method="_on_LinkButton3_pressed"]
